<?xml version="1.0" encoding="UTF-8"?><collection><record><leader>04895ntm a2200481 a 4500</leader><controlfield tag="001">006805281</controlfield><controlfield tag="003">MiAaHDL</controlfield><controlfield tag="005">20190719000000.0</controlfield><controlfield tag="006">m        d        </controlfield><controlfield tag="007">cr bn ---auaua</controlfield><controlfield tag="008">090530q18801920xx            |00 ||ara  </controlfield><datafield tag="035" ind1=" " ind2=" "><subfield code="a">(MiU)006805281</subfield></datafield><datafield tag="035" ind1=" " ind2=" "><subfield code="a">sdr-miu006805281</subfield></datafield><datafield tag="040" ind1=" " ind2=" "><subfield code="a">MiU</subfield><subfield code="c">MiU</subfield><subfield code="e">amremm</subfield></datafield><datafield tag="043" ind1=" " ind2=" "><subfield code="a">n-us-mi</subfield></datafield><datafield tag="100" ind1="1" ind2=" "><subfield code="6">880-01</subfield><subfield code="a">Ḥarīrī, Muḥammad ibn ʻUmar,</subfield><subfield code="c">d. 1912.</subfield></datafield><datafield tag="245" ind1="1" ind2="0"><subfield code="6">880-03</subfield><subfield code="a">Natījat al-mafākhir fī akhbār Banī Rifāʻah al-sādah al-akābir,</subfield><subfield code="f">[late 19th or early 20th century?].</subfield></datafield><datafield tag="246" ind1="3" ind2=" "><subfield code="i">Title from inscription on front flyleaf:</subfield><subfield code="a">نتيجة المفاخر</subfield></datafield><datafield tag="260" ind1=" " ind2=" "><subfield code="c">[1880-1920?].</subfield></datafield><datafield tag="300" ind1=" " ind2=" "><subfield code="a">54 leaves :</subfield><subfield code="b">paper ;</subfield><subfield code="c">240-255 x 180-190 (180 x 125) mm. bound to 256 x 190 mm.</subfield></datafield><datafield tag="500" ind1=" " ind2=" "><subfield code="a">Shelfmark: Ann Arbor, University of Michigan, Special Collections Library, Isl. Ms. 595</subfield></datafield><datafield tag="500" ind1=" " ind2=" "><subfield code="a">Origin: Lacks dated colophon ; likely early 20th or possibly late 19th century.</subfield></datafield><datafield tag="500" ind1=" " ind2=" "><subfield code="a">Accompanying materials: a. Inventory cataloguing slip in hand of Winifred Smeaton Thomas -- b. Acquisitions slip from Yahuda.</subfield></datafield><datafield tag="500" ind1=" " ind2=" "><subfield code="a">Former shelfmark: From inner front cover and label on lower cover, "IL 385" (likely supplied by Yahuda, see acquisitions slip).</subfield></datafield><datafield tag="500" ind1=" " ind2=" "><subfield code="a">Binding: Boards covered in dark purple cloth ; Type III ; pastedowns and flyleaves in brown wove paper ; upper and lower covers carry block-stamped and silver-painted medallion within frame of block-stamped geometric interlace ; sewn in white thread over two cords (ridges at spine, possibly not well recessed) ; overall in good condition though spine is partially detached from text block and first couple of quires are loose.</subfield></datafield><datafield tag="500" ind1=" " ind2=" "><subfield code="a">Support: European wove paper of at least two types ; pages slightly brittle at edges.</subfield></datafield><datafield tag="500" ind1=" " ind2=" "><subfield code="a">Decoration: Chapter and subject headings and dividers, some marginal glosses, overlining, and hemistich markers rubricated.</subfield></datafield><datafield tag="500" ind1=" " ind2=" "><subfield code="a">Script: Naskh ; careful modern hand with some influence of ruqʻah ; partially seriffed with head-serif on initial lām and occasional free-standing alif (slightly wavy), mainly adhering to baseline, pointing mainly in distinct dots, occasionally dot of nūn assimilated with bowl ; hand changes on p.92 to a thicker line with elongation of letters ; incipt, additions and corrections, and some marginal glosses in ruqʻah, different hand from main text.</subfield></datafield><datafield tag="500" ind1=" " ind2=" "><subfield code="a">Layout: Written in 21-23 lines per page.</subfield></datafield><datafield tag="500" ind1=" " ind2=" "><subfield code="a">Collation: i, VII + I (16), IV (24), V (34), IV (42), VI (54), i ; several pages in final quire left blank ; catchwords present ; pagination in pencil, Western numerals, supplied during cataloguing.</subfield></datafield><datafield tag="500" ind1=" " ind2=" "><subfield code="a">Explicit: "اشتق من فاطمة البتول خير النساء بضعة الرسول صلى عليه الله ذو الجلال و اهل بيته اولى الكمال وصلى الله على سيدنا محمد وعلى آله وصحبه اجمعين الحمد لله رب العالمين م م م"</subfield></datafield><datafield tag="500" ind1=" " ind2=" "><subfield code="a">Incipit: "الحمد لله رب العالمين و الصلاة و السلام على سيد الوجودات امام النبيين سيدنا و سيد المخلوقين … اما بعد فيقول العبد الفقير الى الله تعالى محمد ابن المرحوم السيد عمر الحريري الرفاعي شيخ السجادة الرفاعية بحماة المحمية احسن الله له و لوالديه و للمسلمين آمين هذه رسالة مباركة سميتها نتيجة المفاخر في اخبار بني رفاعة السادة الاكابر ..."</subfield></datafield><datafield tag="500" ind1=" " ind2=" "><subfield code="a">Title from opening matter (preface) on p.2.</subfield></datafield><datafield tag="500" ind1=" " ind2=" "><subfield code="a">Ms. codex.</subfield></datafield><datafield tag="510" ind1="4" ind2=" "><subfield code="a">"Muḥammad ibn ʻUmar al-Ḥarīrī," In Muʻjam al-Bābaṭīn lil-shuʻarāʾ al-ʻArabīyah fī al-qarnayn al-tāsiʻ ʻashar wa-al-ʻashrīn.</subfield></datafield><datafield tag="510" ind1="4" ind2=" "><subfield code="a">Kaḥḥālah, ʻUmar Riḍā. Muʻjam al-muʼallifīn (Beirut, 1993),</subfield><subfield code="c">v.11, pp.80-81</subfield></datafield><datafield tag="520" ind1="8" ind2=" "><subfield code="a">Careful copy of a historical and genealogical work on the Banū Rifāʼah by Muḥammad ibn ʻUmar ibn Ḥasan al-Ḥarīrī al-Rifāʻī (d.1912). Description provided mainly by Sarah Mirza.</subfield></datafield><datafield tag="538" ind1=" " ind2=" "><subfield code="a">Mode of access: Internet.</subfield></datafield><datafield tag="541" ind1=" " ind2=" "><subfield code="a">Acquired in 1926 from the bookseller Isaac Benjamin S.E. Yahuda via purchase transacted on his behalf by Abraham Shalom Yahuda (1877-1951), his younger brother.</subfield></datafield><datafield tag="546" ind1=" " ind2=" "><subfield code="a">Arabic.</subfield></datafield><datafield tag="561" ind1=" " ind2=" "><subfield code="a">Marginal glosses and corrections in black ink ; corrections and additions to text made in black ink after washing out (see p.2, 98-100, 108).</subfield></datafield><datafield tag="650" ind1=" " ind2="0"><subfield code="a">Manuscripts, Arabic</subfield><subfield code="z">Michigan</subfield><subfield code="z">Ann Arbor.</subfield></datafield><datafield tag="650" ind1=" " ind2="0"><subfield code="a">Rifāʻah (Arab tribe)</subfield><subfield code="x">History.</subfield></datafield><datafield tag="773" ind1="0" ind2=" "><subfield code="a">Yahuda Collection.</subfield></datafield><datafield tag="880" ind1="1" ind2="0"><subfield code="6">245-03/</subfield><subfield code="a">نتيدة المفاخر في اخبار بني رفاعة السادة الاكابر,</subfield><subfield code="f">[اواخر القرن 19 او اوائل القرن 20م؟].</subfield></datafield><datafield tag="880" ind1="1" ind2=" "><subfield code="6">100-01/</subfield><subfield code="a">حريري، محمد بن عمر.</subfield></datafield><datafield tag="CID" ind1=" " ind2=" "><subfield code="a">006805281</subfield></datafield><datafield tag="DAT" ind1="0" ind2=" "><subfield code="a">20190719102637.0</subfield><subfield code="b">20190719000000.0</subfield></datafield><datafield tag="DAT" ind1="1" ind2=" "><subfield code="a">20190719090653.0</subfield><subfield code="b">2019-07-19T16:11:40Z</subfield></datafield><datafield tag="DAT" ind1="2" ind2=" "><subfield code="a">2015-10-02T18:00:03Z</subfield><subfield code="b">2015-02-24T21:00:04Z</subfield></datafield><datafield tag="CAT" ind1=" " ind2=" "><subfield code="a">SDR-MIU</subfield><subfield code="d">EX LIBRIS - ALEPH</subfield><subfield code="l">prepare.pl-004-008</subfield></datafield><datafield tag="FMT" ind1=" " ind2=" "><subfield code="a">BK</subfield></datafield><datafield tag="HOL" ind1=" " ind2=" "><subfield code="0">sdr-miu006805281</subfield><subfield code="a">MiU</subfield><subfield code="b">SDR</subfield><subfield code="c">MIU</subfield><subfield code="p">mdp.39015079127224</subfield><subfield code="s">MIU</subfield><subfield code="1">006805281</subfield></datafield><datafield tag="974" ind1=" " ind2=" "><subfield code="b">MIU</subfield><subfield code="c">MIU</subfield><subfield code="d">20190719</subfield><subfield code="s">lit-dlps-dc</subfield><subfield code="u">mdp.39015079127224</subfield><subfield code="y">1920</subfield><subfield code="r">pd</subfield><subfield code="q">exp</subfield></datafield></record></collection>